# Our MDP Works
@ARTICLE{mdp-jcin,
  author={B. {Lyu} and Y. {Hong} and H. {Tan} and Z. {Han} and R. {Wang}},
  journal={Journal of Communications and Information Networks}, 
  title={Cooperative Jobs Dispatching in Edge Computing Network with Unpredictable Uploading Delay}, 
  year={2020},
  volume={5},
  number={1},
  pages={75-85},
}

# The Other Centralized Scheduling Works
@INPROCEEDINGS{tan-online,
author={H. {Tan} and Z. {Han} and X. {Li} and F. C. M. {Lau}},
booktitle={IEEE INFOCOM 2017 - IEEE Conference on Computer Communications},
title={Online job dispatching and scheduling in edge-clouds},
year={2017},
volume={},
number={},
pages={1-9},
keywords={cloud computing;mobile computing;telecommunication scheduling;upload delays;download delays;OnDisc;speed augmentation model;distributed systems;edge servers;edge-cloud computing;scheduling algorithm;online job dispatching;total weighted response time;mobile devices;job response time;edge-cloud systems;Servers;Cloud computing;Mobile handsets;Algorithm design and analysis;Dispatching;Time factors;Mobile communication},
doi={10.1109/INFOCOM.2017.8057116},
ISSN={null},
month={May},
}

@ARTICLE{IOTJ18-FanQ,
    author={Q. {Fan} and N. {Ansari}},
    journal={IEEE Internet of Things Journal},
    title={Application Aware Workload Allocation for Edge Computing-Based {IoT}},
    year={2018},
    volume={5},
    number={3},
    pages={2146-2153},
    keywords={cloud computing;distributed processing;Internet of Things;resource allocation;virtual machines;nearby cloudlets;core network;response time;IoT users;mobile networks;network delay;computing delay;application aware workload allocation scheme;IoT application requests;destination cloudlets;IoT user;computing resources;lightly loaded cloudlets;network edge;Internet of Things devices;traffic load;user equipment;virtual machine;edge computing-based IoT;Cloud computing;Delays;Time factors;Internet of Things;Resource management;Edge computing;Quality of service;Cloudlet;edge computing;Internet of Things (IoT);resource allocation;workload allocation},
    doi={10.1109/JIOT.2018.2826006},
    ISSN={2372-2541},
    month={June},
}

@INPROCEEDINGS{mdp-globecom,
    author={S. {Huang} and B. {Lv} and R. {Wang}},
    booktitle={2019 IEEE Global Communications Conference (GLOBECOM)},
    title={{MDP}-Based Scheduling Design for Mobile-Edge Computing Systems with Random User Arrival},
    year={2019},
    volume={},
    number={},
    pages={1-6},
}

@ARTICLE{mdp-tvt,
  author={S. {Huang} and B. {Lv} and R. {Wang} and K. {Huang}},
  journal={IEEE Transactions on Vehicular Technology}, 
  title={Scheduling for Mobile Edge Computing with Random User Arrivals â€” An Approximate MDP and Reinforcement Learning Approach}, 
  year={2020},
  volume={},
  number={},
  pages={1-1},
}

@INPROCEEDINGS{MASS18-MengZ,
author={Z. {Meng} and H. {Xu} and L. {Huang} and P. {Xi} and S. {Yang}},
booktitle={2018 IEEE 15th International Conference on Mobile Ad Hoc and Sensor Systems (MASS)},
title={Achieving Energy Efficiency Through Dynamic Computing Offloading in Mobile Edge-Clouds},
year={2018},
volume={},
number={},
pages={175-183},
keywords={cloud computing;computational complexity;energy conservation;mobile computing;optimisation;probability;mobile edge-clouds;mobile devices;computation capacity;dynamic computing offloading problem;maximum energy consumption;offline case;online case;minimum edge-server capacity;mobile applications;mobile edge-computing network;energy efficiency;delay-sensitive applications;tradeoff optimization;task completion latency;DCL problem;MEC network;RMCL algorithm;probability;OMCL;small-scale system;Task analysis;Mobile handsets;Energy consumption;Servers;Delays;Computational modeling;Batteries;Edge-computing;mobile edge computing;offloading;energy efficiency},
doi={10.1109/MASS.2018.00038},
ISSN={2155-6806},
month={Oct},
}

# The Other Decentralized Scheduling Works


# The Other Outdated and Partial Information
@ARTICLE{9063457,
  author={Wu, Hao and Tian, Hui and Fan, Shaoshuai and Ren, Jiazhi},
  journal={IEEE Transactions on Industrial Informatics}, 
  title={Data Age Aware Scheduling for Wireless Powered Mobile-Edge Computing in Industrial Internet of Things}, 
  year={2021},
  volume={17},
  number={1},
  pages={398-408},
  doi={10.1109/TII.2020.2985723}
}

% Weakness: though selfish devices, not sharing same utility function
@ARTICLE{JSAC17-LyuX,
  author={X. {Lyu} and W. {Ni} and H. {Tian} and R. P. {Liu} and X. {Wang} and G. B. {Giannakis} and A. {Paulraj}},
  journal={IEEE Journal on Selected Areas in Communications},
  title={Optimal Schedule of Mobile Edge Computing for Internet of Things Using Partial Information},
  year={2017},
  volume={35},
  number={11},
  pages={2606-2615},
  keywords={approximation theory;computational complexity;feedback;Internet of Things;knapsack problems;Lyapunov methods;mobile computing;optimisation;resource allocation;stochastic processes;telecommunication scheduling;wireless channels;optimal schedule;mobile edge computing;inexpensive simple devices;stochastic task arrivals;congested air interface;prohibitive feedbacks;asymptotically optimal schedules;out-of-date network knowledge;network utility;knapsack problem;out-of-date network states;up-to-date network knowledge;asymptotic optimality;IoT devices;Schedules;Knowledge engineering;Servers;Optimal scheduling;Wireless communication;Mobile edge computing;Internet of Things;partial information;Lyapunov optimization},
  doi={10.1109/JSAC.2017.2760186},
  ISSN={1558-0008},
  month={Nov},
}

@ARTICLE{TWC18-LyuX,
  author={X. {Lyu} and W. {Ni} and H. {Tian} and R. P. {Liu} and X. {Wang} and G. B. {Giannakis} and A. {Paulraj}},
  journal={IEEE Transactions on Wireless Communications},
  title={Distributed Online Optimization of Fog Computing for Selfish Devices With Out-of-Date Information},
  year={2018},
  volume={17},
  number={11},
  pages={7704-7717},
  keywords={computational complexity;delay tolerant networks;distributed processing;optimisation;peer-to-peer computing;radio networks;telecommunication scheduling;telecommunication signalling;task offloading scheduling;task processing scheduling;time complexity;time average energy consumption;multihop delays;fully distributed fashion;asymptotic optimality;tit-for-tat incentives;time slot;tit-for-tat mechanism;N selfish devices;outdated network knowledge;multihop signaling delays;selfish behaviors;distributed wireless networks;out-of-date information;fog computing;distributed online optimization;Task analysis;Edge computing;Delays;Optimization;Computational modeling;Energy consumption;Mobile handsets;Distributed fog computing;selfish devices;out-of-date information;Lyapunov optimization},
  doi={10.1109/TWC.2018.2869764},
  ISSN={1558-2248},
  month={Nov},
}
